<record><leader>00000cas a22000007a 4500</leader><controlfield tag="001">23104113</controlfield><controlfield tag="008">910214d18811882coudn ne      0    0eng d</controlfield><datafield ind1=" " ind2=" " tag="010"><subfield code="a">sn 91052085 </subfield></datafield><datafield ind1=" " ind2=" " tag="040"><subfield code="a">CNQ</subfield><subfield code="b">eng</subfield><subfield code="c">CNQ</subfield><subfield code="d">OCLCQ</subfield></datafield><datafield ind1=" " ind2=" " tag="042"><subfield code="a">msc</subfield></datafield><datafield ind1="0" ind2=" " tag="130"><subfield code="a">Evening truth (Denver, Colo.)</subfield></datafield><datafield ind1="1" ind2="0" tag="245"><subfield code="a">Evening truth.</subfield></datafield><datafield ind1=" " ind2=" " tag="260"><subfield code="a">West Denver, Colo. :</subfield><subfield code="b">J.M. Scanland</subfield></datafield><datafield ind1=" " ind2=" " tag="300"><subfield code="a">v.</subfield></datafield><datafield ind1=" " ind2=" " tag="310"><subfield code="a">Daily (except Sun.)</subfield></datafield><datafield ind1="0" ind2=" " tag="362"><subfield code="a">Vol. 1, no. 30 (Oct. 31, 1881)-v. 1, no. 109 (Feb. 2, 1882).</subfield></datafield><datafield ind1=" " ind2=" " tag="530"><subfield code="a">Available on microfilm from the Colorado Historical Society.</subfield></datafield><datafield ind1=" " ind2=" " tag="752"><subfield code="a">United States</subfield><subfield code="b">Colorado</subfield><subfield code="c">Denver</subfield><subfield code="d">Denver.</subfield></datafield><datafield ind1=" " ind2=" " tag="752"><subfield code="a">United States</subfield><subfield code="b">Colorado</subfield><subfield code="c">Arapahoe</subfield><subfield code="d">Denver.</subfield></datafield><datafield ind1=" " ind2=" " tag="752"><subfield code="a">United States</subfield><subfield code="b">Colorado</subfield><subfield code="c">Arapahoe</subfield><subfield code="d">West Denver.</subfield></datafield><datafield ind1="0" ind2="0" tag="780"><subfield code="t">Truth (Denver, Colo.)</subfield><subfield code="w">(DLC)sn 91052086</subfield></datafield><datafield ind1="0" ind2="0" tag="785"><subfield code="t">Evening telegram (Denver, Colo.)</subfield><subfield code="w">(DLC)sn 91052084</subfield></datafield></record>